@Book{xie2015,
  title = {Disciplina de Matemática e Estatística - EDS 2025},
  author = {Professor MsC Miguel Suez Xve Penteado},
  publisher = {Penteado, Miguel - 2025},
  address = {UNIP- Iniversidade Paulista},
  year = {2025},
  edition = {1st},
  note = {ISBN 000-0000000000},
  url = {http://github.com/miguel7penteado/},
}
